<?xml version="1.0" encoding="UTF-8"?><record xmlns="http://www.loc.gov/MARC21/slim" xmlns:cinclude="http://apache.org/cocoon/include/1.0" xmlns:zs="http://www.loc.gov/zing/srw/">
  <leader>00690nz  a2200193n  4500</leader>
  <controlfield tag="001">no2014147726</controlfield>
  <controlfield tag="003">DLC</controlfield>
  <controlfield tag="005">20141108073600.0</controlfield>
  <controlfield tag="008">141107n| azannaabn          |n aaa     c</controlfield>
  <datafield tag="010" ind1=" " ind2=" ">
    <subfield code="a">no2014147726</subfield>
  </datafield>
  <datafield tag="035" ind1=" " ind2=" ">
    <subfield code="a">(OCoLC)oca10009812</subfield>
  </datafield>
  <datafield tag="040" ind1=" " ind2=" ">
    <subfield code="a">CtY</subfield>
    <subfield code="b">eng</subfield>
    <subfield code="e">rda</subfield>
    <subfield code="c">CtY</subfield>
  </datafield>
  <datafield tag="046" ind1=" " ind2=" ">
    <subfield code="f">1938</subfield>
  </datafield>
  <datafield tag="100" ind1="1" ind2=" ">
    <subfield code="a">Tandja, Mamadou,</subfield>
    <subfield code="d">1938-</subfield>
  </datafield>
  <datafield tag="370" ind1=" " ind2=" ">
    <subfield code="c">Niger</subfield>
    <subfield code="2">naf</subfield>
  </datafield>
  <datafield tag="374" ind1=" " ind2=" ">
    <subfield code="a">Politicians</subfield>
    <subfield code="a">Presidents</subfield>
    <subfield code="2">lcsh</subfield>
  </datafield>
  <datafield tag="375" ind1=" " ind2=" ">
    <subfield code="a">male</subfield>
  </datafield>
  <datafield tag="670" ind1=" " ind2=" ">
    <subfield code="a">Souvenirs de mon pays, 2003:</subfield>
    <subfield code="b">cover (pre패sident Tandja) p. 9 (pre패sident Tandja Mamadou; b. 1938, Maine패 Soroa (Diffa)) p. 22 (pre패sident Mamadou Tandja)</subfield>
  </datafield>
  <datafield tag="670" ind1=" " ind2=" ">
    <subfield code="a">Wikipedia, Nov. 7, 2014</subfield>
    <subfield code="b">(Mamadou Tandja; Nigerien politician, President of Niger, 1999 to 2010)</subfield>
  </datafield>
</record>